% Encoding: UTF-8


@InProceedings{4618109,
  Title                    = {Considering IEC 61131-3 and IEC 61499 in the context of component frameworks},
  Author                   = {Sunder, C. and Zoitl, A. and Christensen, J.H. and Steininger, H. and Rritsche, J.},
  Booktitle                = {Industrial Informatics, 2008. INDIN 2008. 6th IEEE International Conference on},
  Year                     = {2008},
  Month                    = {July},
  Pages                    = {277-282},
  DOI                      = {10.1109/INDIN.2008.4618109},
  ISSN                     = {1935-4576},
  Keywords                 = {IEC standards;control engineering computing;embedded systems;object-oriented programming;programmable controllers;software architecture;IEC 61131-3 standard;IEC 61499 standard;PLC;automation system;component-based software engineering;control system;embedded system design;modeling paradigm;programming paradigm;software architecture;Automatic control;Automatic programming;Computer science;Control system synthesis;Control systems;Design automation;Embedded system;IEC standards;Parallel programming;Software engineering}
}

@InProceedings{4618110,
  Title                    = {Framework for Distributed Industrial Automation and Control (4DIAC)},
  Author                   = {Strasser, T. and Rooker, M. and Ebenhofer, G. and Zoitl, A. and Sunder, C. and Valentini, A. and Martel, A.},
  Booktitle                = {Industrial Informatics, 2008. INDIN 2008. 6th IEEE International Conference on},
  Year                     = {2008},
  Month                    = {July},
  Pages                    = {283-288},
  DOI                      = {10.1109/INDIN.2008.4618110},
  ISSN                     = {1935-4576},
  Keywords                 = {IEC standards;distributed control;industrial control;IEC 61499 standard;configurability;distributed industrial automation;distributed industrial control;interoperability;open source strategy;portability;reference framework;Automatic control;Automatic generation control;Automation;Control systems;Distributed control;Electrical equipment industry;Home appliances;IEC standards;Industrial control;Standards development}
}

@Article{brettel2014virtualization,
  Title                    = {How virtualization, decentralization and network building change the manufacturing landscape: An Industry 4.0 Perspective},
  Author                   = {Brettel, Malte and Friederichsen, Niklas and Keller, Michael and Rosenberg, Marius},
  Journal                  = {International Journal of Science, Engineering and Technology 8 (1), 37},
  Year                     = {2014},
  Volume                   = {44}
}

@Article{Drath2014,
  Title                    = {Industrie 4.0: Hit or Hype?},
  Author                   = {Drath, R. and Horch, A.},
  Journal                  = {IEEE Industrial Electronics Magazine},
  Year                     = {2014},
  Month                    = {June},
  Number                   = {2},
  Pages                    = {56-58},
  Volume                   = {8},
  DOI                      = {10.1109/MIE.2014.2312079},
  ISSN                     = {1932-4529},
  Keywords                 = {production engineering computing;CPSs;German industry;Industrie 4.0;cyberphysical production systems;cyberphysical systems;fourth industrial revolution;industrial Internet;industrial production systems;Industrial power systems;Industries;Production facilities;Production systems;Technological innovation}
}

